@book{Goodfellow2016,
author = {Goodfellow, Ian and Bengio, Yoshua and Courville, Aaron},
publisher = {MIT Press},
title = {{Deep Learning}},
year = {2016}
}

@inproceedings{Ciresan2012,
author = {Dan Ciresan and Ueli Meier and Jürgen Schmidhuber},
title = {Multi-column deep neural networks for image classification},
booktitle = {IN PROCEEDINGS OF THE 25TH IEEE CONFERENCE ON COMPUTER VISION AND PATTERN RECOGNITION (CVPR 2012)},
year = {2012},
pages = {3642--3649},
}


@manual{NBR6023:2000,
address={Rio de Janeiro},
month={ago.},
organization={Associa{\c{c}}{\~a}o Brasileira de Normas TÉcnicas},
org-short={ABNT},
pages={22},
subtitle={Informa{\c{c}}{\~a}o e documenta{\c{c}}{\~a}o --- Refer{\^e}ncias ---Elabora{\c{c}}{\~a}o},
title={{NBR} 6023},
year={2000}
}

@article{SMIRNOV201489,
title = "Comparison of Regularization Methods for ImageNet Classification with Deep Convolutional Neural Networks",
journal = "AASRI Procedia",
volume = "6",
pages = "89 - 94",
year = "2014",
note = "2nd AASRI Conference on Computational Intelligence and Bioinformatics",
issn = "2212-6716",
doi = "https://doi.org/10.1016/j.aasri.2014.05.013",
url = "http://www.sciencedirect.com/science/article/pii/S2212671614000146",
author = "Evgeny A. Smirnov and Denis M. Timoshenko and Serge N. Andrianov",
keywords = "Deep Neural Networks, Convolutional Neural Networks, Dropout, DropConnect, ImageNet",
abstract = "Large and Deep Convolutional Neural Networks achieve good results in image classification tasks, but they need methods to prevent overfitting. In this paper we compare performance of different regularization techniques on ImageNet Large Scale Visual Recognition Challenge 2013. We show empirically that Dropout works better than DropConnect on ImageNet dataset.",
urldate = "01/07/2019",
urlaccessdate = "01 jul. 2019"
}

@Patent{EHLINGER:2006:biblatex,
author = {EHLINGER, JR., Philip Charles},
title = {Device for the treatment of hiccups},
year = {2006},
month = {06},
day = {13},
number = {US 7062320},
type = {Patent},
version = {},
location = {US},
url = {http://www.patentlens.net/patentlens/...},
filing_num = {10684114},
yearfiled = {2003},
monthfiled = {10},
dayfiled = {14},
pat_refs = {US 408607 A (Aug, 1889) Flint 607/134; US 4210141 A (Jul, 1980) Brockman et al. 604/78},
IPC_class = {A61N 1/04},
US_class = {607 2},
abstract = {A device for the treatment of hiccups, and more specifically, to a method and apparatus for the treatment of hiccups involving galvanic stimulation of the Superficial Phrenetic and Vagus nerves using an electric current.}
} 